@inproceedings{glassey2010fifi,
  author = {Richard Glassey  and  Desmond Elliott and  Tamara Polajnar and Leif Azzopardi},
  booktitle = {Proceedings of the third symposium of Information Interaction in Context},
  location  = {New Brunswick, New Jersey, USA},
  title = { Interaction-based information filtering for children},
  pages = {329-334},
  year = {2010}
}
@inproceedings{glassey2011framework,
  author = {Richard Glassey  and    Tamara Polajnar and Leif Azzopardi},
  title = {{PuppyIR Unleashed: A Framework for Building Child-Oriented Information Services.}},
  booktitle = {{PuppyIR Unleashed: A Framework for Building Child-Oriented Information Services.}},
  location={Amsterdam, Netherlands},
  year = {2011}
}


@inproceedings{elliot2010fifi,
  author = { Desmond Elliott and  Richard Glassey  and Tamara Polajnar and Leif Azzopardi},
  booktitle = {Proceedings of the 33rd International ACM SIGIR conference on Research and development in Information Retrieval},
  location  = {Geneva, Switzerland},
  title = {Finding and filtering information for children},
  pages = {702},
  year = {2010}
}


@inproceedings{azzopardi2009puppyir,
  author = {Leif Azzopardi and Richard Glassey and Mounia Lalmas and Tamara Polajnar and Ian Ruthven},
  title = {{PuppyIR: Designing an OS Framework for Interactive Information Services for Children}},
  booktitle = {Proc. of the 3rd HCIR Workshop},
  pages = {26--30},
  year = {2009}
}
